<record><leader>00000cas a22000007a 4500</leader><controlfield tag="001">13448171</controlfield><controlfield tag="008">860417d18411842pauwr ne      0    0eng  </controlfield><controlfield tag="009">466</controlfield><datafield ind1=" " ind2=" " tag="010"><subfield code="a">sn 86071329 </subfield></datafield><datafield ind1=" " ind2=" " tag="040"><subfield code="a">DLC</subfield><subfield code="b">eng</subfield><subfield code="c">DLC</subfield><subfield code="d">OCL</subfield><subfield code="d">NPH</subfield><subfield code="d">OCL</subfield><subfield code="d">OCLCQ</subfield><subfield code="d">DLC</subfield><subfield code="d">OCLCF</subfield></datafield><datafield ind1=" " ind2=" " tag="019"><subfield code="a">13474935</subfield></datafield><datafield ind1="1" ind2=" " tag="029"><subfield code="a">AU@</subfield><subfield code="b">000022774866</subfield></datafield><datafield ind1=" " ind2=" " tag="042"><subfield code="a">msc</subfield></datafield><datafield ind1=" " ind2=" " tag="043"><subfield code="a">n-us-pa</subfield></datafield><datafield ind1="0" ind2="0" tag="050"><subfield code="a">Newspaper</subfield></datafield><datafield ind1="0" ind2="0" tag="245"><subfield code="a">Athens scribe, and advocate of New York and Pennsylvania improvements.</subfield></datafield><datafield ind1="1" ind2="7" tag="246"><subfield code="a">Athens scribe</subfield></datafield><datafield ind1=" " ind2=" " tag="260"><subfield code="a">Athens, Pa. :</subfield><subfield code="b">O.N. Worden,</subfield><subfield code="c">1841-1842.</subfield></datafield><datafield ind1=" " ind2=" " tag="300"><subfield code="a">2 v. ;</subfield><subfield code="c">53 cm.</subfield></datafield><datafield ind1=" " ind2=" " tag="310"><subfield code="a">Weekly</subfield></datafield><datafield ind1="0" ind2=" " tag="362"><subfield code="a">Vol. 1, no. 1 (Aug. 5, 1841)-v. 2, no. 14 (Dec. 14, 1842).</subfield></datafield><datafield ind1=" " ind2=" " tag="500"><subfield code="a">Has "extra" issue dated Dec. 13, 1841.</subfield></datafield><datafield ind1=" " ind2=" " tag="515"><subfield code="a">Issues for Aug. 31-Dec. 14 1842 Called also whole no. 53-69 [i.e. 66].</subfield></datafield><datafield ind1=" " ind2=" " tag="515"><subfield code="a">Issue for Aug. 12, 1841 not published.</subfield></datafield><datafield ind1=" " ind2="0" tag="651"><subfield code="a">Athens (Pa.)</subfield><subfield code="v">Newspapers.</subfield></datafield><datafield ind1=" " ind2="7" tag="655"><subfield code="a">Newspapers.</subfield><subfield code="2">fast</subfield><subfield code="0">(OCoLC)fst01423814</subfield></datafield><datafield ind1=" " ind2="7" tag="651"><subfield code="a">Pennsylvania</subfield><subfield code="z">Athens.</subfield><subfield code="2">fast</subfield><subfield code="0">(OCoLC)fst01219275</subfield></datafield><datafield ind1=" " ind2=" " tag="752"><subfield code="a">United States</subfield><subfield code="b">Pennsylvania</subfield><subfield code="c">Bradford</subfield><subfield code="d">Athens.</subfield></datafield><datafield ind1="0" ind2="0" tag="785"><subfield code="t">Democratic laborers' advocate</subfield><subfield code="w">(OCoLC)13924574</subfield><subfield code="w">(DLC9 sn87079942</subfield></datafield></record>